@misc{hid-sp18-526-www-apache-phoenix,
    author = {Apache Software Foundation},
    title = {Apache Phoenix OLTP and operational analytics for Apache Hadoop},
    year = 2018,
    url = {https://phoenix.apache.org/}
}

@misc{hid-sp18-526-www-apache-accumulo,
    author = {Apache Software Foundation},
    title = {Apache Accumulo is a sorted, distributed key/value store that provides robust, scalable data storage and retrieval.},
    year = 2018,
    url = {https://accumulo.apache.org/}
}

@misc{hid-sp18-526-www-apache-river,
    author = {Apache Software Foundation},
    title = {Apache River is a project furthering the development and advancement of Jini technology},
    year = 2015,
    url = {https://river.apache.org/}
}

@misc{hid-sp18-526-www-apache-falcon,
    author = {Apache Software Foundation},
    title = {Falcon - Feed management and data processing platform},
    year = 2016,
    url = {https://falcon.apache.org/}
}

@misc{hid-sp18-526-www-synthea,
    author = {The MITRE Corporation},
    title = {Synthetic Patient Generation},
    year = 2018,
    url = {https://synthetichealth.github.io/synthea/}
}
