@InProceedings{patki-wedge-veer-sdv,
  author    = {Neha Patki and Roy Wedge and Kalyan Veeramachaneni},
  title     = {The Synthetic data vault},
  publisher = {IEEE},
  year      = {2016},
  journal   = {EEE International Conference on Data Science and Advanced Analytics},
  url       = {http://ieeexplore.ieee.org/document/7796926/},
  doi       = {10.1109/DSAA.2016.49}
}

@MastersThesis{patki-sdv,
  author    = {Neha Patki},
  title     = {The Synthetic Data Vault: Generative Modeling for Relational Databases},
  publisher = {Massachusetts Institute of Technology},
  year      = {2016}
}

@Misc{www-sanchez-glance,
  author    = {Cassie Sanchez},
  title     = {At a Glance: Generative Models \& Synthetic Data},
  publisher = {Mighty AI},
  year      = {2017},
  url       = {https://mty.ai/blog/at-a-glance-generative-models-synthetic-data/}
}

@Misc{www-sdv-github,
  author    = {npatki},
  title     = {SyntheticDataVault},
  year      = {2016},
  url       = {https://libraries.io/github/HDI-Project/SyntheticDataVault}
}

@Misc{www-koperniak-artificial,
  author    = {Stefanie Koperniak},
  title     = {Artificial data give the same results as real data â€” without compromising privacy},
  publisher = {MIT News},
  year      = {2017},
  url       = {http://news.mit.edu/2017/artificial-data-give-same-results-as-real-data-0303}
}

@Misc{www-adi-synthetic,
  author    = {Adi Gaskell},
  title     = {How Synthetic Data Can Overcome Privacy Concerns},
  publisher = {Huffington Post},
  year      = {2017},
  url       = {https://www.huffingtonpost.com/entry/how-synthetic-data-can-overcome-privacy-concerns_us_58be69d1e4b0ec3d5a6ba233}
}
